<?xml version="1.0" encoding="UTF-8"?><collection xmlns="http://www.loc.gov/MARC21/slim"><record><leader>00588nam--2200193-i-4500</leader><controlfield tag="001">000037398</controlfield><controlfield tag="002">20161230</controlfield><controlfield tag="005">20161230201041</controlfield><controlfield tag="008">060222s1000------------r-----000-0-rus-d</controlfield><datafield ind1=" " ind2=" " tag="040"><subfield code="a">IFIN-HH</subfield></datafield><datafield ind1=" " ind2=" " tag="041"><subfield code="a">rus</subfield></datafield><datafield ind1=" " ind2=" " tag="080"><subfield code="a">523.12</subfield></datafield><datafield ind1="1" ind2=" " tag="100"><subfield code="a">Smorodinsky, Ia.A</subfield></datafield><datafield ind1="1" ind2="0" tag="245"><subfield code="a">Xii mejdunarodnaia konferentia po fizike visokih energii dubna, 5-15 avgusta, 1964</subfield><subfield code="b">Xii international conference on high energy physics</subfield><subfield code="c">Ia.a smorodinsky (ed.)</subfield></datafield><datafield ind1=" " ind2=" " tag="260"><subfield code="a">Moskow</subfield><subfield code="b">Atomizdat</subfield><subfield code="c">1966</subfield></datafield><datafield ind1=" " ind2=" " tag="300"><subfield code="a">2 VOLUME</subfield></datafield><datafield ind1="1" ind2=" " tag="787"><subfield code="a">Tom 2</subfield><subfield code="h">602p</subfield></datafield><datafield ind1=" " ind2=" " tag="852"><subfield code="a">24260</subfield><subfield code="c">539.131</subfield></datafield><datafield ind1=" " ind2=" " tag="CAT"><subfield code="a">Sys</subfield><subfield code="c">20120228</subfield><subfield code="h">165804</subfield></datafield></record></collection>